@online{apache-commons-validator,
author = "Apache Commons Validator",
title = "Apache Commons Validator:  Client side and Server side Data Validation",
year= "2023",
url = "https://commons.apache.org/proper/commons-validator/",
lastaccessed = "December 09, 2023"
}
@online{sonarcloud,
    author =       "SonarSource",
    title =        "SonarCloud",
    year =         "2018",
    url =          "https://www.sonarsource.com/products/sonarcloud/",
}
@online{jacoco,
  author =       "JaCoCo",
  title =        "JaCoCo - Java Code Coverage Library",
  year =         "2023",
  url =          "https://www.jacoco.org/",
  lastaccessed = "December 27, 2023",
}
@online{codecov,
  author =       "CodeCov",
  title =        "CodeCov: Leading Test Coverage",
  year =         "2023",
  url =          "https://codecov.io/",
  lastaccessed = "December 27, 2023",
}
@online{pitest,
    author =       "Henry Coles",
    title =        "PIT - A mutation testing tool for Java and the JVM",
    year =         "2013",
    url =          "https://pitest.org/",
}
@online{jmh,
  author =       "OpenJDK",
  title =        "Java Microbenchmarking Harness (JMH)",
  year =         "2023",
  url =          "https://openjdk.java.net/projects/code-tools/jmh/",
  lastaccessed = "December 27, 2023",
}
@online{evosuite,
    author =       "Gordon Fraser and Andrea Arcuri",
    title =        "EvoSuite: Automatic Test Suite Generation for Java",
    year =         "2012",
    url =          "http://www.evosuite.org/",
}
@online{findsecbugs,
title = {Find Security Bugs},
author= "Philippe Arteu",
year = "2016",
url= "https://find-sec-bugs.github.io/",
lastaccessed= "April 06, 2022"


}
@online{owasp-dependency-check,
  title = {OWASP Dependency-Check},
  author = {{OWASP Foundation}},
  year = {2023},
  url = {https://owasp.org/www-project-dependency-check/},
  note = {Accessed: \today}
}





